@techreport{uttam2016phenomenon,
  title={Phenomenon of Corrosion in Chrome Plated ABS Parts},
  author={Uttam, Vishad and Jain, Nitin and Ravi, Kislaya},
  year={2016},
  institution={SAE Technical Paper}
}
